@article{belkin2019reconciling,
  title={Reconciling modern machine-learning practice and the classical bias--variance trade-off},
  author={Belkin, Mikhail and Hsu, Daniel and Ma, Siyuan and Mandal, Soumik},
  journal={Proceedings of the National Academy of Sciences},
  volume={116},
  number={32},
  pages={15849--15854},
  year={2019},
  publisher={National Acad Sciences}
}

@article{article_hut,
  author = {Hutchinson, M.F.},
  year = {1989},
  month = {01},
  pages = {1059-1076},
  title = {A stochastic estimator of the trace of the influence matrix for Laplacian smoothing splines},
  volume = {18},
  journal = {Communication in Statistics- Simulation and Computation},
  doi = {10.1080/03610919008812866}
}